@INPROCEEDINGS{zkaban, 
author={Z. Kaban and B. Diri}, 
booktitle={2008 IEEE 16th Signal Processing, Communication and Applications Conference}, 
title={Genre and author detection in Turkish texts using artificial immune recognition systems}, 
year={2008}, 
pages={1-4}, 
keywords={Bayes methods;natural language processing;pattern classification;support vector machines;text analysis;AIRS1;AIRS2Parallel;Turkish texts;YTU method;artificial immune recognition systems;author detection;bag of words model;classification performance;document representation;genre detection;k-nearest neighbourhood;naive Bayes;random forest;support vector machine;weighting algorithm;Artificial immune systems;Niobium;Proteins;Radio frequency;Robots;Support vector machine classification;Support vector machines;Testing;Text recognition}, 
doi={10.1109/SIU.2008.4632548}, 
ISSN={2165-0608}, 
month={April},}
@book{nltk,
 author = {Bird, Steven and Klein, Ewan and Loper, Edward},
 title = {Natural Language Processing with Python},
 year = {2009},
 isbn = {0596516495, 9780596516499},
 edition = {1st},
 publisher = {O'Reilly Media, Inc.},
}
@InProceedings{coreNlp,
  author    = {Manning, Christopher D. and  Surdeanu, Mihai  and  Bauer, John  and  Finkel, Jenny  and  Bethard, Steven J. and  McClosky, David},
  title     = {The {Stanford} {CoreNLP} Natural Language Processing Toolkit},
  booktitle = {Association for Computational Linguistics (ACL) System Demonstrations},
  year      = {2014},
  pages     = {55--60},
  url       = {http://www.aclweb.org/anthology/P/P14/P14-5010}
}
@INPROCEEDINGS{myasdi, 
author={M. Yasdi and B. Diri}, 
booktitle={2012 20th Signal Processing and Communications Applications Conference (SIU)}, 
title={Author recognition by Abstract Feature Extraction}, 
year={2012}, 
pages={1-4}, 
keywords={feature extraction;natural language processing;pattern classification;CFS;English data sets;PCA;Turkish data sets;abstract feature extraction method;author recognition;chi-square;multidimensional feature vectors;word root;Abstracts;Bayesian methods;Computers;Feature extraction;Niobium;Principal component analysis;Text categorization}, 
doi={10.1109/SIU.2012.6204690}, 
ISSN={2165-0608}, 
month={April},}
@INPROCEEDINGS{bkirmaci, 
author={B. Kirmaci and H. Ogul}, 
booktitle={2015 23nd Signal Processing and Communications Applications Conference (SIU)}, 
title={Author recognition from lyrics}, 
year={2015}, 
pages={2489-2492}, 
keywords={Internet;feature extraction;information retrieval;music;Internet;Turkish songs;author recognition;feature extraction;lyrics;melodic content;meta-data;music information retrieval;Conferences;Entertainment industry;Feature extraction;Information retrieval;Internet;Mood;Rocks;Information retrieval;classification;lyric analysis;music recommendation system;text features}, 
doi={10.1109/SIU.2015.7130389}, 
ISSN={2165-0608}, 
month={May},}
@INPROCEEDINGS{bganesh, 
author={Barathi Ganesh H B and Reshma U and Anand Kumar M}, 
booktitle={Advances in Computing, Communications and Informatics (ICACCI), 2015 International Conference on}, 
title={Author identification based on word distribution in word space}, 
year={2015}, 
pages={1519-1523}, 
keywords={digital forensics;law;regression analysis;support vector machines;trees (mathematics);author attribution;author identification;forensic analysis;journalism;latent semantic features;law;logistic regression;random forest tree;support vector machine;unigram/bigram features;word distribution;word space;Accuracy;Computational modeling;Feature extraction;Logistics;Semantics;Support vector machines;Vegetation;Author attribution;Logistic Regression;PAN Author Identification 2014;Random forest tree;Support Vector Machine}, 
doi={10.1109/ICACCI.2015.7275828}, 
month={Aug},}
@inproceedings{diri2003automatic,
  title={Automatic Author Detection for Turkish Texts},
  author={Diri, Banu}
}
@INPROCEEDINGS{mtocoglu, 
author={M. A. Tocoglu and A. Alpkocak}, 
booktitle={Network Intelligence Conference (ENIC), 2014 European}, 
title={Emotion Extraction from Turkish Text}, 
year={2014}, 
pages={130-133}, 
keywords={Bayes methods;emotion recognition;natural language processing;text analysis;Turkish text;WEKA tool;cross validation;emotion extraction system;emotional classes;emotional moment;emotional states;emotions category;naive Bayes classifier;text classification problem;university students;vector space model;weighting scheme;Accuracy;Arrays;Data models;Educational institutions;Mathematical model;Text categorization;Turkish language;emotion analysis;emotion extraction;information extraction;text classification}, 
doi={10.1109/ENIC.2014.17}, 
month={Sept},}
 @misc{lucene,
 title={ Lucene,  https://lucene.apache.org/},
 url={https://lucene.apache.org/},
 note={(Date last accessed 1-Jun-2016)},
 }
 @misc{libsvm,
 title={ LibSVM, https://www.csie.ntu.edu.tw/~cjlin/libsvm/ },
 url={https://www.csie.ntu.edu.tw/~cjlin/libsvm/},
 note={(Date last accessed 20-May-2016)},
 }
